% This file was created with JabRef 2.6.
% Encoding: UTF8

@UNPUBLISHED{chaslot_combiningexpert,
  author = {Guillaume Chaslot and Louis Chatriot and C. Fiter and Sylvain Gelly
	and Julien Perez and Arpad Rimmel and Olivier Teytaud},
  title = {Combining expert, offline, transient and online knowledge in Monte-Carlo
	exploration}
}

@ARTICLE{coulom2007computing,
  author = {Coulom, R.},
  title = {Computing elo ratings of move patterns in the game of go},
  journal = {ICGA journal},
  year = {2007},
  volume = {30},
  pages = {198--208},
  number = {4},
  publisher = {Citeseer}
}

@INPROCEEDINGS{drake2008coevolving,
  author = {Drake, P. and Chen, YP},
  title = {Coevolving partial strategies for the game of go},
  booktitle = {International Conference on Genetic and Evolutionary Methods. CSREA
	Press},
  year = {2008}
}

@ARTICLE{enzenberger2010fuego,
  author = {Enzenberger, M. and Muller, M. and Arneson, B. and Segal, R.},
  title = {FUEGO - An Open-Source Framework for Board Games and Go Engine Based
	on Monte-Carlo Tree Search},
  journal = {Computational Intelligence and AI in Games, IEEE Transactions on},
  year = {2010},
  pages = {1--1},
  number = {99},
  publisher = {IEEE}
}

@UNPUBLISHED{grace2010fuego,
  author = {Grace, I. L.},
  title = {Fuego Go: The Missing Manual},
  year = {2010},
  owner = {Administrator},
  timestamp = {2011.06.20}
}

@ARTICLE{kocsis2006bandit,
  author = {Kocsis, L. and Szepesv{\'a}ri, C.},
  title = {Bandit based monte-carlo planning},
  journal = {Machine Learning: ECML 2006},
  year = {2006},
  pages = {282--293},
  publisher = {Springer}
}

